@Misc{Bodo,
  author = {U.N.Known},
  howpublished = {Personal Communication}
  }

@Misc{JohnsonWuttke_libcerf2014,
  author = 	 {S.G. Johnson and A.Cervellino and J. Wuttke},
  title = 	 {Libcerf, numeric library for complex error functions version 1.4},
  year = 	 2014,
  note = 	 {\url{http://apps.jcns.fz-juelich.de/libcerf}}}


@inproceedings{AzzopardideRijkeBalog2007,
 author = {Azzopardi, Leif and de Rijke, Maarten and Balog, Krisztian},
 title = {Building Simulated Queries for Known-item Topics: An Analysis Using Six {European} Languages},
 booktitle = {Proc. SIGIR 2007},
  year = {2007},
 pages = {455--462},
 url = {http://doi.acm.org/10.1145/1277741.1277820},
} 



@inproceedings{AzzopardideRijke2006,
 author = {Azzopardi, Leif and de Rijke, Maarten},
 title = {Automatic Construction of Known-item Finding Test Beds},
 booktitle = {Proc. SIGIR 2006},
 year = {2006},
 pages = {603--604},
 url = {http://doi.acm.org/10.1145/1148170.1148276},
} 



@incollection{BerendsenTsagkiasdeRijkeMeij2012,
author={Berendsen, Richard and Tsagkias, Manos and de Rijke, Maarten and Meij, Edgar},
title={Generating Pseudo Test Collections for Learning to Rank Scientific Articles},
year={2012},
booktitle={Information Access Evaluation. Multilinguality, Multimodality, and Visual Analytics},
volume={LNCS 7488},
series={Lecture Notes in Computer Science},
url={http://dx.doi.org/10.1007/978-3-642-33247-0_6},
publisher={Springer Berlin Heidelberg},
pages={42--53},
}


@inproceedings{BerendsenTsagkiasWeerkampdeRijke2013,
 author = {Berendsen, Richard and Tsagkias, Manos and Weerkamp, Wouter and de Rijke, Maarten},
 title = {Pseudo Test Collections for Training and Tuning Microblog Rankers},
 booktitle = {Proc. SIGIR 2013},
 year = {2013},
 pages = {53--62},
 url = {http://doi.acm.org/10.1145/2484028.2484063},
} 



@Article{Laherrere1996,
  author = 	 {Jean Laherr\`{e}re},
  title = 	 {Distributions de type ``fractal parabolique" dans la Nature},
  journal = 	 {Comptes Rendus de l'Acad\'{e}mie des sciences.  
                  S\'{e}rie 2a, Sciences de la terre et des plan\`{e}tes.},
  year = 	 1996,
  volume = 	 322,
  pages = 	 {535--541},
  note = 	 {In French with English summary}}



@Article{vanLeijenhorstvanderWeide2005,
  author = 	 {D.C. van Leijenhorst and Th.P. van der Weide},
  title = 	 {{A formal derivation of Heaps' Law}},
  journal = 	 {Information Sciences},
  year = 	 2005,
  volume = 	 170,
  number = 	 {2--4},
  pages = 	 {263--272},
  abstract =     {Word frequencies in text documents can be reasonably
                  described by the Mandelbrot distribution, which has
                  Zipf's Law as a special case. Furthermore, the
                  growth of vocabulary size as a function of the text
                  size (its number of words) has been described in
                  Heaps' Law. It has been shown that these two
                  experimental laws are related.  In this paper we go
                  a step further, and provide a (formal) derivation of
                  Heaps' Law from the Mandelbrot distribution. We also
                  provide a specification of the validity area for
                  applying Heaps' Law.}
}



@Article{HaHannaMingSmith2009,
  author = 	 {Le Quan Ha and Philip Hanna and Ji Ming and F.J. Smith},
  title = 	 {Extending {Zipf}’s law to n-grams for large corpora},
  journal = 	 {Artificial Intelligence Review},
  year = 	 2009,
  volume = 	 32,
  number = 	 1,
  pages = 	 {101--113},
  abstract = {Experiments show that for a large corpus, Zipf’s law
                  does not hold for all ranks of words: the
                  frequencies fall below those predicted by Zipf’s law
                  for ranks greater than about 5,000 word types in the
                  English language and about 30,000 word types in the
                  inflected languages Irish and Latin. It also does
                  not hold for syllables or words in the
                  syllable-based languages, Chinese or
                  Vietnamese. However, when single words are combined
                  together with word n-grams in one list and put in
                  rank order, the frequency of tokens in the combined
                  list extends Zipf’s law with a slope close to −1 on
                  a log-log plot in all five languages. Further
                  experiments have demonstrated the validity of this
                  extension of Zipf’s law to n-grams of letters,
                  phonemes or binary bits in English. It is shown
                  theoretically that probability theory alone can
                  predict this behavior in randomly created n-grams of
                  binary bits.}
}

@inproceedings{sutskeverMartensHinton2011generatingTraffic,
    title={Generating text with recurrent neural networks},
    author={Sutskever, Ilya and Martens, James and Hinton, Geoffrey E},
    booktitle={Proc. ICML-11},
    pages={1017--1024},
    year={2011}
}

@article{fieldHarderHarrison2004networkTraffic,
    title={Network traffic behaviour in switched Ethernet systems},
    author={Field, Tony and Harder, Uli and Harrison, Peter},
    journal={Performance Evaluation},
    volume={58},
    number={2},
    pages={243--260},
    year={2004},
    publisher={Elsevier}
}

@book{zipf1949humanBehaviour,
    title={Human behavior and the principle of least effort.},
    author={Zipf, George Kingsley},
    year={1949},
    publisher={Addison-Wesley}
}

@book{zipf1935psycho,
  title={The psycho-biology of language.},
  author={Zipf, George Kingsley},
  year={1935},
  publisher={Houghton, Mifflin},
  address={Oxford}
}

@misc{clueweb12,
author = {{The Lemur Project}},
title = {{The ClueWeb12 Dataset}},
url = {www.lemurproject.org/clueweb12.php/},
year = {2012}
}

@Article{Lin1991,
  author =       {Jianhua Lin},
  title =        {{Divergence measures based on the Shannon entropy}},
  journal =      {IEEE transactions on Information Theory},
  year =         1991,
  volume =       37,
  number =       1,
  pages =        {145--151}}


@article{HeinzZW2002,
 author = {Heinz, Steffen and Zobel, Justin and Williams, Hugh E.},
 title = {Burst Tries: A Fast, Efficient Data Structure for String Keys},
 journal = {ACM Transactions on Information Systems},
 volume = {20},
 number = {2},
 year = {2002},
 pages = {192--223},
 url = {http://doi.acm.org/10.1145/506309.506312},
}

@article{hochreiter1997long,
  title={Long short-term memory},
  author={Hochreiter, Sepp and Schmidhuber, J\"{u}rgen},
  journal={Neural computation},
  volume={9},
  number={8},
  pages={1735--1780},
  year={1997},
  publisher={MIT Press}
}



@article{greinerJobmannLipsky1999importancePowerTail,
    title={The importance of power-tail distributions for modeling
    queueing systems},
    author={Greiner, Michael and Jobmann, Manfred and Lipsky, Lester},
    journal={Operations Research},
    volume={47},
    number={2},
    pages={313--326},
    year={1999},
    publisher={INFORMS}
}

@article{newman2005powerLaws,
    title={Power laws, {Pareto} distributions and {Zipf}'s law},
    author={Newman, Mark EJ},
    journal={Contemporary physics},
    volume={46},
    number={5},
    pages={323--351},
    year={2005},
    publisher={Taylor \& Francis}
}

@article{pressTeukolskyVetterlingFlannery1992numericalRecipes,
    title={Numerical recipes in {C}: the art of scientific computing},
    author={Press, William H and Teukolsky, Saul A and Vetterling, William T and Flannery, Brian P},
    journal={Cambridge University Press},
    volume={131},
    pages={243--262},
    year={1992}
}

@article{clausetShaliziNewman2009powerLawDistributions,
    title={Power-law distributions in empirical data},
    author={Clauset, Aaron and Shalizi, Cosma Rohilla and Newman, Mark EJ},
    journal={SIAM review},
    volume={51},
    number={4},
    pages={661--703},
    year={2009},
    publisher={SIAM}
}

@inproceedings{baezaYates2015incrementalSamplingOfQueryLogs,
    author = {Baeza-Yates, Ricardo},
    title = {Incremental Sampling of Query Logs},
    booktitle = {Proc. SIGIR 2015},
    year = {2015},
    pages = {1093--1096},
    url = {http://doi.acm.org/10.1145/2766462.2776780},
} 


@InBook{Heapslaw1978,
  author = 	 {Harold Stanley Heaps},
  title = 	 {Information retrieval: Computational and theoretical aspects},
  chapter = 	 {7.5},
  publisher = 	 {Academic Press},
  year = 	 1978,
  pages = 	 {206--208}}


@inproceedings{AsadiMEL2011,
 author = {Asadi, Nima and Metzler, Donald and Elsayed, Tamer and Lin, Jimmy},
 title = {Pseudo Test Collections for Learning {W}eb Search Ranking Functions},
 booktitle = {Proc. SIGIR 2011},
 year = {2011},
 pages = {1073--1082},
 url = {http://doi.acm.org/10.1145/2009916.2010058},
} 

@article{MatsumotoN1998,
 author = {Matsumoto, Makoto and Nishimura, Takuji},
 title = {{Mersenne Twister}: A 623-dimensionally Equidistributed Uniform Pseudo-random Number Generator},
 journal = {ACM Transactions on Modeling and Computer Simulation},
 volume = {8},
 number = {1},
 year = {1998},
 pages = {3--30},
 url = {http://doi.acm.org/10.1145/272991.272995},
} 

@article{williams2005searchable,
  title={Searchable words on the {W}eb},
  author={Williams, Hugh E and Zobel, Justin},
  journal={International Journal on Digital Libraries},
  volume={5},
  number={2},
  pages={99--105},
  year={2005},
  publisher={Springer}
}

@InProceedings{Kornai1999,
  author = 	 {Andr\'{a}s Kornai},
  title = 	 {Zipf's law outside the middle range},
  booktitle = {Proc. Sixth meeting on the mathematics of language},
  year = 	 1999,
  editor = 	 {James Rogers},
  organization = {University of Central Florida}}


@Book{Herdan1960,
  author = 	 {Gustav Herdan},
  title = 	 {Type-token mathematics: A textbook of mathematical linguistics },
  publisher = 	 {Mouton},
  year = 	 1960,
  address = 	 {The Hague}}


@Article{Egghe2007,
  author = 	 {Leo Egghe},
  title = 	 {{Untangling Herdan's law and Heaps' law: Mathematical
                  and infometric arguments}},
  journal = 	 {JASIST},
  year = 	 2007,
  volume = 	 58,
  number = 	 5,
  pages = 	 {702--709}}


@Article{ChenKimMooney2010,
  author = 	 {David L. Chen and Joohyun Kim and Raymond J. Mooney},
  title = 	 {Training a multilingual sportscaster: Using perceptual context to learn language},
  volume={37},
  journal={Journal of Artificial Intelligence Research},
  pages={397--435},
  url={\url{http://www.cs.utexas.edu/users/ai-lab/?chen:jair10}},
  year={2010}
}


@Article{Cooper73,
  author = 	 {Michael D. Cooper},
  title = 	 {A simulation model of a retrieval system},
  journal = 	 {Information Storage and Retrieval},
  year = 	 1973,
  volume = 	 9,
  pages = 	 {13--32},
  note =         {\url{http://beachmat.berkeley.edu/~mike/Articles/IPMSimulation1973.pdf}}
}

@inproceedings{TagueNelsonWu80,
 author = {Tague, Jean and Nelson, Michael and Wu, Harry},
 title = {Problems in the Simulation of Bibliographic Retrieval Systems},
 booktitle = {Proc. SIGIR 1980},
 year = {1981},
 isbn = {0-408-10775-8},
 location = {Cambridge, England},
 pages = {236--255},
 numpages = {20},
 url = {http://dl.acm.org/citation.cfm?id=636669.636684},
 acmid = {636684},
 publisher = {Butterworth \& Co.},
 address = {Kent, UK},
} 

@Misc{Conger65,
  author = 	 {C. Richard Conger},
  title = 	 {The simulation and evaluation of information retrieval systems},
  howpublished = {HRB-Singer inc.,Report of Contract Nonr. 3818(00) Information Systems Branch, Office of Naval Research},
  month = 	 {April},
  year = 	 1965,
  note = 	 {\url{http://www.dtic.mil/dtic/tr/fulltext/u2/464619.pdf}}}




@Misc{Blunt65,
  author = 	 {Charles R. Blunt},
  title = 	 {An information retrieval system model},
  howpublished = {HRB-Singer inc.,Report of Contract Nonr. 3818(00) Information Systems Branch, Office of Naval Research},
  month = 	 {October},
  year = 	 1965,
  note = 	 {\url{http://www.dtic.mil/dtic/tr/fulltext/u2/623590.pdf}}}




@Misc{BluntDuquetLuckie66,
  author = 	 {Charles R. Blunt and Robert T. Duquet and Peter T. Luckie},
  title = 	 {A general model for simulating information storage and retrieval systems},
  howpublished = {Report of Contract Nonr. 3818(00) Information Systems Branch, Office of Naval Research},
  month = 	 {April},
  year = 	 1966,
  note = 	 {\url{http://www.dtic.mil/dtic/tr/fulltext/u2/636435.pdf}}}


@Misc{AzzopardiJKS,
  author = 	 {Leif Azzopardi and Kalervo J\"{a}rvelin and Jaap Kamps and Mark D. Smucker},
  title = 	 {Report on the SIGIR 2010 Workshop on Simulation of Interaction},
  year = 	 2010,
  note = 	 {\url{http://sigir.org/files/forum/2010D/sigirwksp/2010d_sigirforum_azzopardi.pdf}}}

@inproceedings{TagueNelson81,
 author = {Tague, Jean M. and Nelson, Michael J.},
 title = {Simulation of User Judgments in Bibliographic Retrieval Systems},
 booktitle = {Proc. SIGIR 1981},
 year = {1981},
 pages = {66--71},
 url = {http://doi.acm.org/10.1145/511754.511764},
} 

@inproceedings{NicholsMD2012,
 author = {Nichols, Jeffrey and Mahmud, Jalal and Drews, Clemens},
 title = {Summarizing Sporting Events Using Twitter},
 booktitle = {Proc. IUI 2012},
 year = {2012},
 pages = {189--198},
 url = {http://doi.acm.org/10.1145/2166966.2166999},
} 

@article{ZobelMoffat2006,
 author = {Zobel, Justin and Moffat, Alistair},
 title = {Inverted Files for Text Search Engines},
 journal = {ACM Computing Surveys},
 volume = {38},
 number = {2},
 year = {2006},
 url = {http://doi.acm.org/10.1145/1132956.1132959},
} 

@inproceedings{KonowNCL2013,
 author = {Konow, Roberto and Navarro, Gonzalo and Clarke, Charles L.A.
     and L\'{o}pez-Ort\'{\i}z, Alejandro},
 title = {Faster and Smaller Inverted Indices with Treaps},
 booktitle = {Proc. SIGIR 2013},
 year = {2013},
 pages = {193--202},
 url = {http://doi.acm.org/10.1145/2484028.2484088},
} 

@inproceedings{DingAS2010,
 author = {Ding, Shuai and Attenberg, Josh and Suel, Torsten},
 title = {Scalable Techniques for Document Identifier Assignment in Inverted Indexes},
 booktitle = {Proc. WWW 2010},
 year = {2010},
 pages = {311--320},
 url = {http://doi.acm.org/10.1145/1772690.1772723},
} 


@Article{SigurdEW2004,
  author = 	 {Bengt Sigurd and Mats Eeg-Olofsson and Joost van der Weijer},
  title = 	 {Word length, sentence length and frequency -- {Z}ipf revisited},
  journal = 	 {Studia Linguistica},
  year = 	 2004,
  volume = 	 58,
  number = 	 1,
  pages = 	 {37--52},
  publisher =    {Blackwell Publishing Ltd},
  address =      {Oxford, UK}
}

@article{box1958,
author = {Box, G. E. P. and Muller, Mervin E.},
fjournal = {The Annals of Mathematical Statistics},
journal = {Ann. Math. Statist.},
number = 2,
pages = {610--611},
publisher = {The Institute of Mathematical Statistics},
title = {A Note on the Generation of Random Normal Deviates},
url = {http://dx.doi.org/10.1214/aoms/1177706645},
volume = 29,
year = 1958
}

@article{heinz2002burst,
  title={Burst tries: A fast, efficient data structure for string keys},
  author={Heinz, Steffen and Zobel, Justin and Williams, Hugh E},
  journal={ACM Transactions on Information Systems (TOIS)},
  volume={20},
  number={2},
  pages={192--223},
  year={2002},
  publisher={ACM}
}

@article{blei2003latent,
  title={Latent {Dirichlet} allocation},
  author={Blei, David M and Ng, Andrew Y and Jordan, Michael I},
  journal={The Journal of Machine Learning Research},
  volume={3},
  pages={993--1022},
  year={2003},
  publisher={JMLR. org}
}

@inproceedings{wallach2009evaluation,
  title={Evaluation methods for topic models},
  author={Wallach, Hanna M and Murray, Iain and Salakhutdinov, Ruslan and Mimno, David},
  booktitle={Proc. ICML 2009},
  pages={1105--1112},
  year={2009},
  organization={ACM}
}

@inproceedings{bendersky2010learning,
  title={Learning concept importance using a weighted dependence model},
  author={Bendersky, Michael and Metzler, Donald and Croft, W Bruce},
  booktitle={Proc. WSDM 2010},
  pages={31--40},
  year={2010},
  organization={ACM}
}


@Article{Marsaglia1964,
  author = 	 {G. Marsaglia and T.A. Bray},
  title = 	 {A convenient method for generating normal variables},
  journal = 	 {SIAM Review},
  year = 	 1964,
  volume = 	 6,
  pages = 	 {260--264}
}


@InProceedings{ClarkeCS2004,
  author = 	 {Charles Clarke and Nick Craswell and Ian Soboroff},
  title = 	 {Overview of the {TREC 2004 Terabyte Track}},
  booktitle = {Proc. TREC 2004},
  year = 	 2004,
  organization = {NIST},
  mynote = 	 {\url{http://trec.nist.gov/pubs/trec13/papers/TERA.OVERVIEW.pdf}}}


@Article{Shannon1948,
  author = 	 {Claude Shannon},
  title = 	 {A mathematical theory of communication},
  journal = 	 {The Bell System Technical Journal},
  year = 	 1948,
  volume = 	 27,
  pages = 	 {379-- 423}}

@Book{KemenySnell1960,
  author = 	 {John G. Kemeny and J. Laurie Snell},
  title = 	 {Finite Markov Chains},
  publisher = 	 {van Nostrand},
  year = 	 1960,
  address = 	 {Princeton NJ}}

@Article{vanRijsbergen1977,
  author = 	 {C.J. van Rijsbergen},
  title = 	 {A theoretical basis for the use of co-occurrence data
                  in information retrieval},
  journal = 	 {J. Doc.},
  year = 	 1977,
  volume = 	 33,
  number = 	 2,
  pages = 	 {106--119}}


@PhdThesis{Kanungo1996,
  author = 	 {Tapas Kanungo},
  title = 	 {Document degradation models and a methodology for
                  degradation model validation},
  school = 	 {University of Washington},
  year = 	 1996,
  note = 	 {\url{http://www.kanungo.com/pubs/phdthesis.pdf}}}

@article{Brown:1992:CNG:176313.176316,
 author = {Brown, Peter F. and deSouza, Peter V. and Mercer, Robert L. and Pietra, Vincent J. Della and Lai, Jenifer C.},
 title = {Class-based N-gram Models of Natural Language},
 journal = {Comput. Linguist.},
 volume = {18},
 number = {4},
 year = {1992},
 pages = {467--479},
 url = {http://dl.acm.org/citation.cfm?id=176313.176316},
 abstract = {We address the problem of predicting a word from previous words in a sample of text. In particular, we discuss n-gram models based on classes of words. We also discuss several statistical algorithms for assigning words to classes based on the frequency of their co-occurrence with other words. We find that we are able to extract classes that have the flavor of either syntactically based groupings or semantically based groupings, depending on the nature of the underlying statistics.},
} 

@misc{anon,
  howpublished={Anonymous for blind review}
}

@article{jones1973collection,
  title={Collection properties influencing automatic term classification performance},
  author={Jones, Karen Sp\"{a}rck},
  journal={Information Storage and Retrieval},
  volume={9},
  number={9},
  pages={499--513},
  year={1973},
  publisher={Elsevier}
}

@InProceedings{KimCroftCIKM2009,
  author = 	 {Jinyoung Kim and W. Bruce Croft},
  title = 	 {Retrieval Experiments using Pseudo-Desktop Collections},
  booktitle = {Proc.  CIKM 2009},
  year = 	 2009,
  pages = 	 {1297--1306}}

@InProceedings{KimCroftSIGIRWS2009,
  author = 	 {Jinyoung Kim and W. Bruce Croft},
  title = 	 {Building Pseudo-Desktop Collections},
  booktitle = {Proc. SIGIR 2009 Workshop on the Future of IR Evaluation},
  year = 	 2009,
  pages = 	 {39--40}}


@article{AmatiDFR2002,
 author = {Amati, Gianni and Van Rijsbergen, Cornelis Joost},
 title = {Probabilistic Models of Information Retrieval Based on Measuring the Divergence from Randomness},
 journal = {ACM TOIS},
 volume = {20},
 number = {4},
 year = {2002},
 pages = {357--389},
 url = {http://doi.acm.org/10.1145/582415.582416},
} 

@article{MarsagliaTsangGamma2000,
 author = {Marsaglia, George and Tsang, Wai Wan},
 title = {A Simple Method for Generating Gamma Variables},
 journal = {ACM Transactions on Mathematical Software},
 volume = {26},
 number = {3},
 year = {2000},
 pages = {363--372},
 url = {http://doi.acm.org/10.1145/358407.358414},
} 




@TechReport{Reilly1968,
  author = 	 {Kevin D. Reilly},
  title = 	 {Outline for a simulation study of the California state
                  library network},
  institution =  {Institute of Library Research. University of California at Los Angeles},
  year = 	 1968,
  month = 	 {July},
  note = 	 {\url{http://files.eric.ed.gov/fulltext/ED031280.pdf}}}



@InProceedings{HayesReilly1967,
  author = 	 {R.M. Hayes and Kevin D. Reilly},
  title = 	 {The effect of response time upon utilization of an
                  information storage and retrieval system -- A simulation},
  booktitle = {Proc. Annual meeting of the Operations Research Society
                  of America},
  year = 	 1967,
  month = 	 {June},
  note = 	 {\url{http://files.eric.ed.gov/fulltext/ED033732.pdf}}}


@InProceedings{Reilly1969,
  author = 	 {Kevin D. Reilly},
  title = 	 {Digital Computer Simulation Models of Library-Based
                  Information Retrieval Systems},
  booktitle = {Proc. 3rd Annual Computer Science and Statistics Symposium},
  year = 	 1969,
  month = 	 {January},
  publisher = {Institute of Library Research. University of California at Los Angeles},
  note = {\url{http://files.eric.ed.gov/fulltext/ED030451.pdf}}
}


@Article{BakerNance1968,
  author = 	 {N.R. Baker and R.E. Nance},
  title = 	 {The use of simulation in studying information storage 
                  and retrieval systems},
  journal = 	 {American Documentation},
  year = 	 1968,
  month = 	 {November},
  note = 	 {\url{not yet}}
}

@Article{BourneFord1964,
  author = 	 {C.P. Bourne and D.F. Ford},
  title = 	 {Cost Analysis and simulation procedures for evaluation
                  of large information systems},
  journal = 	 {American Documentation},
  year = 	 1964,
  month = 	 {April},
  note = 	 {\url{not yet}}}


@PhdThesis{Mock1996,
  author = 	 {Kenrick Jefferson Mock},
  title = 	 {Intelligent Information Filtering via Hybrid Techniques: Hill Climbing, Case-Based
Reasoning, Index Patterns, and Genetic Algorithms},
  school = 	 {Computer Science, University of California at Davis},
  year = 	 1996,
  note = 	 {\url{http://citeseerx.ist.psu.edu/viewdoc/download?doi=10.1.1.2.4405&rep=rep1&type=pdf}},
  annote = 	 {Noted by Doug Oard as the first time he saw the idea which led to the RAT}
}

@Misc{Minka2002,
  author = 	 {Thomas P. Minka},
  title = 	 {Estimating a Gamma distribution},
  year = 	 2002,
  note = 	 {\url{http://research.microsoft.com/en-us/um/people/minka/papers/minka-gamma.pdf}},
  annote = 	 {Implemented in Infer.NET, \url{http://research.microsoft.com/en-us/um/cambridge/projects/infernet/} }
}

@InProceedings{Smucker2009,
  author =       {Mark D. Smucker},
  title =        {A plan for making information retrieval evaluation
                  synonymous with human performance prediction},
  booktitle = {Proc. SIGIR Workshop on the Future of IR Evaluation},
  year =         2009,
  note =         {\url{http://mansci.uwaterloo.ca/~msmucker/publications/smucker-SIGIR09-FIRE-workshop.pdf}}}


@Article{Lin2007,
  author =       {Jimmy Lin},
  title =        {User simulations for evaluating answers to question series},
  journal =      {Information Processing and Management},
  year =         2007,
  volume =       43,
  number =       3,
  pages =        {717--729}}

@InProceedings{LinSmucker2007,
  author =       {Jimmy Lin and Mark D. Smucker},
  title =        {{How do users find things in PubMed? Towards automatic
                  utility evaluation with user simulations}},
  booktitle = {Proc. SIGIR 2009},
  year =      2009,
  pages =     {19--26},
  address =   {Boston, MA}}


@InProceedings{WhiteJvRR2004,
  author = 	 {Ryen White and Joemon Jose and Keith van Rijsbergen
                  and Ian Ruthven},
  title = 	 {A simulated study of implicit feedback models},
  booktitle = {Proc. ECIR 2004},
  year = 	 2004,
  pages = 	 {311--326},
  publisher = {Springer, LNCS 2997}}

@inproceedings{CroftHTB1994,
author = {W. Bruce Croft and Stephen Harding and Kazem Taghva and Julie Borsack},
title = {An Evaluation of Information Retrieval Accuracy with Simulated {OCR} Output},
year = {1994},
booktitle = {Symposium of Document Analysis and Information Retrieval},
type = {IR},
note = {\url{https://ciir-publications.cs.umass.edu/pub/web/getpdf.php?id=109}},
}


@inproceedings{CahoonMcKinley1996,
author = {Brendon Cahoon and Kathryn McKinley},
title = {An Architecture for Distributed Information Retrieval},
year = {1996},
booktitle = {Proc. SIGIR 1996},
pages = {110-118},
type = {IR},
note = {\url{https://ciir-publications.cs.umass.edu/pub/web/getpdf.php?id=70}},
}

@InProceedings{BaskayaKJ2013,
  author = 	 {Feza Baskaya and Heikki Keskustalo and Kalervo J\"{a}rvelin},
  title = 	 {Modeling behavioral factors in interactive
  information retrieval},
  booktitle = {Proc. CIKM 2013},
  year = 	 2013,
  pages = 	 {2297--2302},
  note = 	 {\url{http://dx.doi.org/10.1145/2505515.2505660}}}




@PhdThesis{BaskayaThesis2014,
  author = 	 {Feza Baskaya},
  title = 	 {Simulating Search Sessions in Interactive Information
  Retrieval Evaluation},
  school = 	 {School of Information Sciences, University of Tampere},
  year = 	 2014}


@InProceedings{KeskustaloJPSL2009,
  author = 	 {Heikki Keskustalo and Kalervo J\"{a}rvelin
  and Ari Pirkola and Tarun Sharma and Marianne Lykke},
  title = 	 {Test collection-based {IR} evaluation needs extension
  toward sessions --- A case of extremely short queries},
  booktitle = {Proc. AIRS 2009},
  year = 	 2009,
  volume = 	 {LNCS 5839},
  pages = 	 {63--74},
  address = 	 {Berlin, Heidelberg},
  publisher = {Springer-Verlag }}


@InProceedings{MaxwellAJK2015,
  author = 	 {David Maxwell and Leif Azzopardi and Kalervo J\"{a}rvelin
  and Heikki Keskustalo},
  title = 	 {Searching and Stopping:  An analysis of stopping rules
  and strategies},
  booktitle = {Proc. CIKM 2015},
  year = 	 2015,
  note = 	 {\url{http://dx.doi.org/10.1145/2806416.2806476}}}

@InProceedings{MaxwellA2016,
  author = 	 {David Maxwell and Leif Azzopardi},
  title = 	 {Agents, Simulated Users and Humans.  An analysis of
  performance and behaviour},
  booktitle = {Proc. CIKM 2016},
  year = 	 2016,
  note = 	 {\url{http://dx.doi.org/10.1145/2983323.2983805}}}



@Book{Reichman1985,
  author = 	 {Rachel Reichman},
  title = 	 {Getting computers to talk like you and me},
  publisher = 	 {MIT Press},
  year = 	 1985,
  address = 	 {Cambridge, Massachusetts and London, England},
  note = 	 {ISBN 0-262-18118-5}}

@Article{Sweeney2002,
  author = 	 {Latanya Sweeney},
  title = 	 {{k-Anonymity}: A model for protecting privacy },
  journal = 	 {International journal of uncertainty, fuzziness and
  knowledge-based systems},
  year = 	 2002,
  volume = 	 10,
  number = 	 5,
  pages = 	 {557--570},
  note = 	 {doi: 10.1142/S0218488502001648}}


@Article{BorlundI1997,
  author = 	 {Pia Borlund and Peter Ingwersen},
  title = 	 {The development of a method for the evaluation of
  interactive information retrieval systems},
  journal = 	 {Journal of Documentation},
  year = 	 1997,
  volume = 	 53,
  number = 	 3,
  pages = 	 {225--250}}

@inproceedings{Hall69,
 author = {Hall, W. A.},
 title = {A General Simulation Model of an On-line Telephone Directory Assistance Information Retrieval System},
 booktitle = {Proc. the Third Conference on Applications of Simulation},
 year = {1969},
 pages = {434--441},
 url = {http://dl.acm.org/citation.cfm?id=800164.805229},
}

@inproceedings{Bota16,
 author = {Bota, Horatiu and Zhou, Ke and Jose, Joemon M.},
 title = {Playing Your Cards Right: The Effect of Entity Cards on Search Behaviour and Workload},
 booktitle = {Proc. 2016 ACM on Conference on Human Information Interaction and Retrieval (CHIIR)},
 year = {2016},
 pages = {131--140},
 url = {http://doi.acm.org/10.1145/2854946.2854967},
}


@inproceedings{Carterette2011,
 author = {Carterette, Ben and Kanoulas, Evangelos and Yilmaz, Emine},
 title = {Simulating Simple User Behavior for System Effectiveness Evaluation},
 booktitle = {Proc. CIKM 2011},
 year = {2011},
 pages = {611--620},
 url = {http://doi.acm.org/10.1145/2063576.2063668},
}

@inproceedings{Azzopardi2009_adhoc_queries,
 author = {Azzopardi, Leif},
 title = {Query Side Evaluation: An Empirical Analysis of Effectiveness and Effort},
 booktitle = {Proc. SIGIR 2009},
 year = {2009},
 pages = {556--563},
 url = {http://doi.acm.org/10.1145/1571941.1572037},
} 

@article{BrownCdPdPJLMR1990,
 author = {Brown, Peter F. and Cocke, John and Pietra, Stephen A. Della and Pietra, Vincent J. Della and Jelinek, Fredrick and Lafferty, John D. and Mercer, Robert L. and Roossin, Paul S.},
 title = {A Statistical Approach to Machine Translation},
 journal = {Computational Linguistics},
volume = {16},
 number = {2},
year = {1990},
pages = {79--85},
url = {http://dl.acm.org/citation.cfm?id=92858.92860},
publisher = {MIT Press},
 address = {Cambridge, MA, USA},
} 

@article{BrowndPdPM1993,
 author = {Brown, Peter F. and Pietra, Stephen A. Della and Pietra, Vincent J. Della and Mercer, Robert L.},
 title = {The Mathematics of Statistical Machine Translation: Parameter Estimation},
 journal = {Computational Linguistics},
volume = {19},
 number = {2},
year = {1993},
pages = {263--311},
publisher = {MIT Press},
 address = {Cambridge, MA, USA},
} 

@InProceedings{KimCroft2009CIKM,
  author = 	 {Jinyoung Kim and W. Bruce Croft},
  title = 	 {Retrieval Experiments using Pseudo-Desktop Collections},
  booktitle = {Proc. CIKM 2009},
  year = 	 2009,
  url = 	 {\url{https://people.cs.umass.edu/~jykim/papers/cikm1244_kim.pdf}}}


@InProceedings{KimCroft2009SIGIR,
  author = 	 {Jinyoung Kim and W. Bruce Croft},
  title = 	 {Building Pseudo-Desktop Collections},
  booktitle = {Proc. {SIGIR 2009} workshop on the future of {IR} evaluation},
  year = 	 2009,
  url = 	 {\url{https://people.cs.umass.edu/~jykim/papers/desktop_collection_sigir_workshop_jykim.pdf}}}



@InCollection{Baeza-Yates2005,
   author={Baeza-Yates, Ricardo and Navarro, Gonzalo},
   editor={Baeza-Yates, Ricardo and Glaz, Joseph and Gzyl, Henryk and H\"{u}sler, J{\"u}rgen and Palacios, Jos{\'e} Luis},
   title={Modeling Text Databases},
   bookTitle={Recent Advances in Applied Probability},
   year=2005,
   publisher={Springer US},
   address={Boston, MA},
   pages={1--25},
   url={\url{http://dx.doi.org/10.1007/0-387-23394-6_1}}
}



@InProceedings{AraujoNZ97,
  author = 	 {M\'{a}rcio Drumond Ara\'{u}jo and Gonzalo Navarro
  and Nivio Ziviani},
  title = 	 {Large text searching allowing errors},
  booktitle = {Proc. Fourth South American Conference on Web String Processing, WSP97},
  year = 	 1997,
  pages = 	 {2--20},
  publisher = {Carleton University Press}}



@InProceedings{BaezaYatesN1997,
  author = 	 {Ricardo Baeza-Yates and Gonzalo Navarro},
  title = 	 {Block-addressing indices for approximate text retrieval},
  booktitle = {Proc. CIKM 1997},
  year = 	 1997,
  pages = 	 {1--8}}


@ARTICLE{Church95poissonmixtures,
    author = {Kenneth W. Church and William A. Gale},
    title = {Poisson Mixtures},
    journal = {Natural Language Engineering},
    year = {1995},
    volume = {1},
    pages = {163--190}
}



@Book{FrancisK1982,
  author = 	 {W. Nelson Francis and Henry Kucera},
  title = 	 {Frequency Analysis of {English} Usage},
  publisher = 	 {Houghton Mifflin},
  year = 	 1982,
  note = {Available through Project Muse}}



@Book{GonnetBY1991,
  author = 	 {Gaston Gonnet and Ricardo Baeza-Yates},
  title = 	 {{Handbook of Algorithms and Data Structures in
  {Pascal and C}, 2nd edition}},
  publisher = 	 {Addison-Wesley},
  year = 	 1991,
  address = 	 {Wokingham, England}}


@Article{MillerNF1958,
  author = 	 {G.A Miller and E.B Newman and E.A Friedman},
  title = 	 {{Length-frequency statistics for written
  English}},
  journal = 	 {Information and Control},
  year = 	 1958,
  volume = 	 1,
  pages = 	 {370--389}}


@article{ThomZ92,
  author = 	 {Jamie Thom and Justin Zobel},
  title = 	 {{A model for word clustering}},
  journal = 	 {Journal of American Society for Information Science},
  year = 	 1992,
  volume = 	 43,
  number =       9,
  pages = 	 {616--627}}

@INPROCEEDINGS{PatkiWV2016,
author={N. Patki and R. Wedge and K. Veeramachaneni},
booktitle={2016 IEEE International Conference on Data Science and Advanced Analytics (DSAA)},
title={The Synthetic Data Vault},
year={2016},
pages={399-410},
keywords={data analysis;relational databases;SDV;data analysis;data science;generative model;multivariate modelling;predictive model;relational database;synthetic data vault;Computational modeling;Data models;Databases;Hidden Markov models;Numerical models;Predictive models;Synthetic data generation;crowd sourcing;data science;predictive modeling},
doi={10.1109/DSAA.2016.49},
month={Oct},}

@article{Durstenfeld1964,
 author = {Durstenfeld, Richard},
 title = {Algorithm 235: Random Permutation},
 journal = {Communications of the ACM},
 issue_date = {July 1964},
 volume = {7},
 number = {7},
 month = jul,
 year = {1964},
 issn = {0001-0782},
 pages = {420--},
 url = {http://doi.acm.org/10.1145/364520.364540},
 doi = {10.1145/364520.364540},
 acmid = {364540},
 publisher = {ACM},
 address = {New York, NY, USA},
} 

@article{BaileyCH03,
  author = {Peter Bailey and Nick Craswell and David Hawking},
  title = {Engineering a multi-purpose test collection for Web retrieval experiments},
  journal = {Information Processing and Management},
  year = {2003},
  volume = {39},
  number = {6},
  pages = {853--871},
  note = {\url{http://david-hawking.net/pubs/bailey_ipm03.pdf}}
}

@misc{InferNET14, 
author = "Minka, T. and Winn, J.M. and Guiver, J.P. and Webster, S. and Zaykov, Y. and Yangel, B. and Spengler, A. and  Bronskill, J.",
title = {{Infer.NET 2.6}},
year = 2014,
note = {Microsoft Research Cambridge. http://research.microsoft.com/infernet}
}


@article{PetersenSL2016,
 author = {Petersen, Casper and Simonsen, Jakob Grue and Lioma, Christina},
 title = {Power Law Distributions in Information Retrieval},
 journal = {TOIS},
 issue_date = {April 2016},
 volume = {34},
 number = {2},
 month = feb,
 year = {2016},
 issn = {1046-8188},
 pages = {8:1--8:37},
 articleno = {8},
 numpages = {37},
 url = {http://doi.acm.org/10.1145/2816815},
 doi = {10.1145/2816815},
 acmid = {2816815},
 publisher = {ACM},
 address = {New York, NY, USA},
 keywords = {Statistical model selection, power laws},
} 

@inproceedings{ChierichettiKP2017,
 author = {Flavio Chierichetti and Ravi Kumar and Bo Pang},
 title = {On the Power Laws of Language: Word Frequency Distributions},
 booktitle = {Proc. SIGIR 2017},
 pages = {385 -- 394},
 location = {Tokyo, Japan},
 publisher = {ACM},
 address = {New York, NY, USA},
 year = 2017
 }

@Article{Pääkkönen2017,
author="P{\"a}{\"a}kk{\"o}nen, Teemu
and Kek{\"a}l{\"a}inen, Jaana
and Keskustalo, Heikki
and Azzopardi, Leif
and Maxwell, David
and J{\"a}rvelin, Kalervo",
title="Validating simulated interaction for retrieval evaluation",
journal="Information Retrieval Journal",
year="2017",
month="Aug",
day="01",
volume="20",
number="4",
pages="338--362",
issn="1573-7659",
doi="10.1007/s10791-017-9301-2",
url="https://doi.org/10.1007/s10791-017-9301-2"
}



